<record><leader>00000cas a2200000 a 4500</leader><controlfield tag="001">31747265</controlfield><controlfield tag="008">941228d18551uuucauwr n       0    0eng d</controlfield><datafield ind1=" " ind2=" " tag="010"><subfield code="a">sn 95062687 </subfield></datafield><datafield ind1=" " ind2=" " tag="040"><subfield code="a">CUS</subfield><subfield code="b">eng</subfield><subfield code="c">CUS</subfield><subfield code="d">CNK</subfield><subfield code="d">OCL</subfield><subfield code="d">OCLCQ</subfield><subfield code="d">OCLCF</subfield><subfield code="d">OCLCO</subfield></datafield><datafield ind1=" " ind2=" " tag="042"><subfield code="a">msc</subfield></datafield><datafield ind1=" " ind2=" " tag="043"><subfield code="a">n-us-ca</subfield></datafield><datafield ind1=" " ind2="4" tag="050"><subfield code="a">F864</subfield><subfield code="b">.C758</subfield></datafield><datafield ind1="0" ind2=" " tag="130"><subfield code="a">Cosmopolitan (San Francisco, Calif.)</subfield></datafield><datafield ind1="1" ind2="0" tag="245"><subfield code="a">Cosmopolitan.</subfield></datafield><datafield ind1="3" ind2=" " tag="246"><subfield code="a">Cosmopolitan, and anti-know-nothing</subfield></datafield><datafield ind1=" " ind2=" " tag="260"><subfield code="a">San Francisco [Calif.] :</subfield><subfield code="b">Hugh F. McDermot</subfield></datafield><datafield ind1=" " ind2=" " tag="300"><subfield code="a">v. ;</subfield><subfield code="c">61 cm.</subfield></datafield><datafield ind1=" " ind2=" " tag="310"><subfield code="a">Weekly</subfield></datafield><datafield ind1="0" ind2=" " tag="362"><subfield code="a">Vol. 1, no. 1 (May 5, 1855)-</subfield></datafield><datafield ind1=" " ind2=" " tag="500"><subfield code="a">"And anti-know-nothing" appears in masthead.</subfield></datafield><datafield ind1=" " ind2="0" tag="651"><subfield code="a">San Francisco (Calif.)</subfield><subfield code="v">Newspapers.</subfield></datafield><datafield ind1=" " ind2="7" tag="655"><subfield code="a">Newspapers.</subfield><subfield code="2">fast</subfield><subfield code="0">(OCoLC)fst01423814</subfield></datafield><datafield ind1=" " ind2="7" tag="651"><subfield code="a">California</subfield><subfield code="z">San Francisco.</subfield><subfield code="2">fast</subfield><subfield code="0">(OCoLC)fst01204481</subfield></datafield><datafield ind1=" " ind2=" " tag="752"><subfield code="a">United States</subfield><subfield code="b">California</subfield><subfield code="c">San Francisco</subfield><subfield code="d">San Francisco.</subfield></datafield></record>